@article{aronszajn1950theory,
  title={Theory of reproducing kernels},
  author={Aronszajn, Nachman},
  journal={Transactions of the American mathematical society},
  volume={68},
  number={3},
  pages={337--404},
  year={1950}
}


@incollection{vovk2013kernel,
  title={Kernel ridge regression},
  author={Vovk, Vladimir},
  booktitle={Empirical inference: Festschrift in honor of vladimir n. vapnik},
  pages={105--116},
  year={2013},
  publisher={Springer}
}


@article{chernick1982influence,
  title={The influence function and its application to data validation},
  author={Chernick, Michael R},
  journal={American Journal of Mathematical and Management Sciences},
  volume={2},
  number={4},
  pages={263--288},
  year={1982},
  publisher={Taylor \& Francis}
}


@article{abad2022approximating,
  title={Approximating full-conformal prediction at scale via influence functions},
  author={Abad, Javier and Bhatt, Umang and Weller, Adrian and Cherubin, Giovanni},
  journal={arXiv preprint arXiv:2202.01315},
  year={2022}
}
@inproceedings{martinez2023approximating,
  title={Approximating full-conformal prediction at scale via influence functions},
  author={Martinez, Javier Abad and Bhatt, Umang and Weller, Adrian and Cherubin, Giovanni},
  booktitle={Proceedings of the AAAI Conference on Artificial Intelligence},
  volume={37},
  number={6},
  pages={6631--6639},
  year={2023}
}
@article{basu2020influence,
  title={Influence functions in deep learning are fragile},
  author={Basu, Samyadeep and Pope, Philip and Feizi, Soheil},
  journal={arXiv preprint arXiv:2006.14651},
  year={2020}
}
@article{barber2023conformal,
  title={Conformal prediction beyond exchangeability},
  author={Barber, Rina Foygel and Candes, Emmanuel J and Ramdas, Aaditya and Tibshirani, Ryan J},
  journal={The Annals of Statistics},
  volume={51},
  number={2},
  pages={816--845},
  year={2023},
  publisher={Institute of Mathematical Statistics}
}
@article{foygel2022conformal,
  title={Conformal prediction beyond exchangeability},
  author={Foygel Barber, Rina and Candes, Emmanuel J and Ramdas, Aaditya and Tibshirani, Ryan J},
  journal={arXiv e-prints},
  pages={arXiv--2202},
  year={2022}
}
@inproceedings{giordano2019swiss,
  title={A swiss army infinitesimal jackknife},
  author={Giordano, Ryan and Stephenson, William and Liu, Runjing and Jordan, Michael and Broderick, Tamara},
  booktitle={The 22nd International Conference on Artificial Intelligence and Statistics},
  pages={1139--1147},
  year={2019},
  organization={PMLR}
}
@article{giordano2019higher,
  title={A higher-order swiss army infinitesimal jackknife},
  author={Giordano, Ryan and Jordan, Michael I and Broderick, Tamara},
  journal={arXiv preprint arXiv:1907.12116},
  year={2019}
}

@inproceedings{ndiaye2022stable,
  title={Stable conformal prediction sets},
  author={Ndiaye, Eugene},
  booktitle={International Conference on Machine Learning},
  pages={16462--16479},
  year={2022},
  organization={PMLR}
}

@article{bousquet2002stability,
  title={Stability and generalization},
  author={Bousquet, Olivier and Elisseeff, Andr{\'e}},
  journal={The Journal of Machine Learning Research},
  volume={2},
  pages={499--526},
  year={2002},
  publisher={JMLR. org}
}
@book{vovk2005algorithmic,
  title={Algorithmic learning in a random world},
  author={Vovk, Vladimir and Gammerman, Alexander and Shafer, Glenn},
  volume={29},
  year={2005},
  publisher={Springer}
}
@inproceedings{nouretdinov2001ridge,
  title={Ridge regression confidence machine},
  author={Nouretdinov, Ilia and Melluish, Thomas and Vovk, Volodya},
  booktitle={ICML},
  pages={385--392},
  year={2001},
  organization={Citeseer}
}
@article{lei2019fast,
  title={Fast exact conformalization of the lasso using piecewise linear homotopy},
  author={Lei, Jing},
  journal={Biometrika},
  volume={106},
  number={4},
  pages={749--764},
  year={2019},
  publisher={Oxford University Press}
}
@article{ndiaye2019computing,
  title={Computing full-conformal prediction set with approximate homotopy},
  author={Ndiaye, Eugene and Takeuchi, Ichiro},
  journal={Advances in Neural Information Processing Systems},
  volume={32},
  year={2019}
}
@incollection{papadopoulos2008inductive,
  title={Inductive conformal prediction: Theory and application to neural networks},
  author={Papadopoulos, Harris},
  booktitle={Tools in artificial intelligence},
  year={2008},
  publisher={Citeseer}
}
@article{vovk2015cross,
  title={Cross-conformal predictors},
  author={Vovk, Vladimir},
  journal={Annals of Mathematics and Artificial Intelligence},
  volume={74},
  pages={9--28},
  year={2015},
  publisher={Springer}
}

@book{vovk2022,
title = "Algorithmic Learning in a Random World",
keywords = "conformal prediction, Venn prediction, conformal predictive distributions, conformal testing",
author = "Vladimir Vovk and Alexander Gammerman and Glenn Shafer",
year = "2022",
month = dec,
doi = "https://doi.org/10.10007/978-3-031-06649-8",
language = "English",
isbn = "978-3-031-06648-1",
edition = "Second",
}

@article{ndiaye2023root,
  title={Root-finding approaches for computing conformal prediction set},
  author={Ndiaye, Eugene and Takeuchi, Ichiro},
  journal={Machine Learning},
  volume={112},
  number={1},
  pages={151--176},
  year={2023},
  publisher={Springer}
}

@inproceedings{ba2016distributed,
  title={Distributed second-order optimization using Kronecker-factored approximations},
  author={Ba, Jimmy and Grosse, Roger and Martens, James},
  booktitle={International Conference on Learning Representations},
  year={2016}
}
@article{gargiani2020promise,
  title={On the promise of the stochastic generalized Gauss-Newton method for training DNNs},
  author={Gargiani, Matilde and Zanelli, Andrea and Diehl, Moritz and Hutter, Frank},
  journal={arXiv preprint arXiv:2006.02409},
  year={2020}
}
@article{kato2023review,
  title={A Review of Nonconformity Measures for Conformal Prediction in Regression},
  author={Kato, Yuko and Tax, David MJ and Loog, Marco},
  journal={Conformal and Probabilistic Prediction with Applications},
  pages={369--383},
  year={2023},
  publisher={PMLR}
}
@book{balasubramanian2014conformal,
  title={Conformal prediction for reliable machine learning: theory, adaptations and applications},
  author={Balasubramanian, Vineeth and Ho, Shen-Shyang and Vovk, Vladimir},
  year={2014},
  publisher={Newnes}
}

% (2007) De Vito
@article{de2005model,
  title={Model selection for regularized least-squares algorithm in learning theory},
  author={De Vito, Ernesto and Caponnetto, Andrea and Rosasco, Lorenzo},
  journal={Foundations of Computational Mathematics},
  volume={5},
  pages={59--85},
  year={2005},
  publisher={Springer}
}

% (2017) Lin et al.
@article{lin2017distributed,
  title={Distributed learning with regularized least squares},
  author={Lin, Shao-Bo and Guo, Xin and Zhou, Ding-Xuan},
  journal={Journal of Machine Learning Research},
  volume={18},
  number={92},
  pages={1--31},
  year={2017}
}

% (2018) Blanchard et MÃ¼cke
@article{blanchard2018optimal,
  title={Optimal rates for regularization of statistical inverse learning problems},
  author={Blanchard, Gilles and M{\"u}cke, Nicole},
  journal={Foundations of Computational Mathematics},
  volume={18},
  number={4},
  pages={971--1013},
  year={2018},
  publisher={Springer}
}

% (2023) Zhang et al.
@inproceedings{zhang2023optimality,
  title={On the optimality of misspecified kernel ridge regression},
  author={Zhang, Haobo and Li, Yicheng and Lu, Weihao and Lin, Qian},
  booktitle={International Conference on Machine Learning},
  pages={41331--41353},
  year={2023},
  organization={PMLR}
}

% RKHS
@book{berlinet2011reproducing,
  title={Reproducing kernel Hilbert spaces in probability and statistics},
  author={Berlinet, Alain and Thomas-Agnan, Christine},
  year={2011},
  publisher={Springer Science \& Business Media}
}

% (2016) burnaev
@inproceedings{burnaev2016conformalized,
  title={Conformalized kernel ridge regression},
  author={Burnaev, Evgeny and Nazarov, Ivan},
  booktitle={2016 15th IEEE international conference on machine learning and applications (ICMLA)},
  pages={45--52},
  year={2016},
  organization={IEEE}
}

% quantile regression
@article{steinwart2011estimating,
  title={Estimating conditional quantiles with the help of the pinball loss},
  author={Steinwart, Ingo and Christmann, Andreas},
  year={2011}
}

% spinball
@article{zheng2011gradient,
  title={Gradient descent algorithms for quantile regression with smooth approximation},
  author={Zheng, Songfeng},
  journal={International Journal of Machine Learning and Cybernetics},
  volume={2},
  pages={191--207},
  year={2011},
  publisher={Springer}
}

% charbonier
@inproceedings{charbonnier1994two,
  title={Two deterministic half-quadratic regularization algorithms for computed imaging},
  author={Charbonnier, Pierre and Blanc-Feraud, Laure and Aubert, Gilles and Barlaud, Michel},
  booktitle={Proceedings of 1st international conference on image processing},
  volume={2},
  pages={168--172},
  year={1994},
  organization={IEEE}
}

% log cosh
@article{saleh2022statistical,
  title={Statistical properties of the log-cosh loss function used in machine learning},
  author={Saleh, Resve A and Saleh, AK},
  journal={arXiv preprint arXiv:2208.04564},
  year={2022}
}

% cv
@article{arlot2010survey,
  title={A survey of cross-validation procedures for model selection},
  author={Arlot, Sylvain and Celisse, Alain},
  year={2010}
}

@article{fontana2023conformal,
  title={Conformal prediction: a unified review of theory and new challenges},
  author={Fontana, Matteo and Zeni, Gianluca and Vantini, Simone},
  journal={Bernoulli},
  volume={29},
  number={1},
  pages={1--23},
  year={2023},
  publisher={Bernoulli Society for Mathematical Statistics and Probability}
}


# RKHS
@book{paulsen2016introduction,
  title={An introduction to the theory of reproducing kernel Hilbert spaces},
  author={Paulsen, Vern I and Raghupathi, Mrinal},
  volume={152},
  year={2016},
  publisher={Cambridge university press}
}

# Kernel methods
@article{hofmann2008kernel,
  title={Kernel methods in machine learning},
  author={Hofmann, Thomas and Sch{\"o}lkopf, Bernhard and Smola, Alexander J},
  year={2008}
}

# Ridge regression
@article{mcdonald2009ridge,
  title={Ridge regression},
  author={McDonald, Gary C},
  journal={Wiley Interdisciplinary Reviews: Computational Statistics},
  volume={1},
  number={1},
  pages={93--100},
  year={2009},
  publisher={Wiley Online Library}
}

# Representor
@inproceedings{scholkopf2001generalized,
  title={A generalized representer theorem},
  author={Sch{\"o}lkopf, Bernhard and Herbrich, Ralf and Smola, Alex J},
  booktitle={International conference on computational learning theory},
  pages={416--426},
  year={2001},
  organization={Springer}
}

# Tiko
@article{fuhry2012new,
  title={A new Tikhonov regularization method},
  author={Fuhry, Martin and Reichel, Lothar},
  journal={Numerical Algorithms},
  volume={59},
  pages={433--445},
  year={2012},
  publisher={Springer}
}

@article{lei2014distribution,
  title={Distribution-free prediction bands for non-parametric regression},
  author={Lei, Jing and Wasserman, Larry},
  journal={Journal of the Royal Statistical Society Series B: Statistical Methodology},
  volume={76},
  number={1},
  pages={71--96},
  year={2014},
  publisher={Oxford University Press}
}

@article{barber2021predictive,
  title={Predictive inference with the jackknife+},
  author={Barber, Rina Foygel and Candes, Emmanuel J and Ramdas, Aaditya and Tibshirani, Ryan J},
  journal={The Annals of Statistics},
  volume={49},
  number={1},
  pages={486--507},
  year={2021},
  publisher={JSTOR}
}
@article{lei2013distribution,
  title={Distribution-free prediction sets},
  author={Lei, Jing and Robins, James and Wasserman, Larry},
  journal={Journal of the American Statistical Association},
  volume={108},
  number={501},
  pages={278--287},
  year={2013},
  publisher={Taylor \& Francis}
}

@article{izbicki2022cd,
  title={Cd-split and hpd-split: Efficient conformal regions in high dimensions},
  author={Izbicki, Rafael and Shimizu, Gilson and Stern, Rafael B},
  journal={Journal of Machine Learning Research},
  volume={23},
  number={87},
  pages={1--32},
  year={2022}
}

@article{izbicki2019flexible,
  title={Flexible distribution-free conditional predictive bands using density estimators},
  author={Izbicki, Rafael and Shimizu, Gilson T and Stern, Rafael B},
  journal={arXiv preprint arXiv:1910.05575},
  year={2019}
}

@article{diquigiovanni2021importance,
  title={The importance of being a band: Finite-sample exact distribution-free prediction sets for functional data},
  author={Diquigiovanni, Jacopo and Fontana, Matteo and Vantini, Simone},
  journal={arXiv preprint arXiv:2102.06746},
  year={2021}
}